@book{Brathwaite2009,
  author    = {Brathwaite, Brenda and Schreiber, Ian},
  isbn      = {9781584505808},
  keywords  = {board game,game design,game studies,video game},
  pages     = {315},
  pmid      = {15302558},
  publisher = {Course Technology},
  title     = {{Challenges for game designers}},
  year      = {2009}
}

@book{Koster2013,
  author    = {Koster, Raph},
  booktitle = {Climate Change 2013 - The Physical Science Basis},
  doi       = {10.1017/CBO9781107415324.004},
  isbn      = {9788578110796},
  issn      = {1098-6596},
  keywords  = {icle},
  pages     = {30},
  pmid      = {25246403},
  title     = {{Summary for Policymakers}},
  url       = {https://www.cambridge.org/core/product/identifier/CBO9781107415324A009/type/book{\_}part},
  year      = {2013}
}

@inbook{Koza1996,
  author    = {Koza, John R and Bennett, Forrest H and Andre, David and Keane, Martin A},
  booktitle = {Artificial Intelligence in Design '96},
  doi       = {10.1007/978-94-009-0279-4_9},
  editor    = {Gero, John S and Sudweeks, Fay},
  isbn      = {978-94-009-0279-4},
  pages     = {151--170},
  publisher = {Springer Netherlands},
  title     = {{Automated Design of Both the Topology and Sizing of Analog Electrical Circuits Using Genetic Programming}},
  url       = {https://doi.org/10.1007/978-94-009-0279-4{\_}9},
  year      = {1996}
}

@article{Friedman1997,
  author  = {Friedman, H. Jerome},
  isbn    = {9781424459674},
  issn    = {9781424459674},
  journal = {Department of Statistics and Standford Linear Accelerator Center, Standford University},
  title   = {{Data mining and statistics: What's the connection?}},
  year    = {1997}
}

@article{Cover1967,
  author  = {Cover, T. M. and Hart, P. E.},
  doi     = {10.1109/TIT.1967.1053964},
  issn    = {15579654},
  journal = {IEEE Transactions on Information Theory},
  title   = {{Nearest Neighbor Pattern Classification}},
  year    = {1967}
}


@article{Panumate2015,
  author   = {Panumate, Chetprayoon and Xiong, Shuo and Iida, Hiroyuki},
  doi      = {10.1109/ACIT-CSI.2015.19},
  isbn     = {9781467396424},
  journal  = {Proceedings - 3rd International Conference on Applied Computing and Information Technology and 2nd International Conference on Computational Science and Intelligence, ACIT-CSI 2015},
  keywords = {Engagement,Game refinement theory,Pokemon},
  pages    = {60--66},
  title    = {{An approach to quantifying Pokemon's entertainment impact with focus on battle}},
  year     = {2015}
}

@book{Suton1998,
  author    = {R. S. Sutton and A. G. Barto},
  title     = {Reinforcement Learning: An Introduction.},
  year      = {1998},
  publisher = {The MIT Press}
}

@article{Estevez2011,
  author  = {Estevez, Jose and Toledo, Pedro and Alayon, Silvia},
  doi     = {10.1109/CEC.2011.5949680},
  isbn    = {9781424478347},
  journal = {2011 IEEE Congress of Evolutionary Computation, CEC 2011},
  pages   = {647--654},
  title   = {{Using an induced relational decision tree for rule injection in a learning classifier system}},
  year    = {2011}
}
@phdthesis{wein2007multimodal,
  title  = {{Multimodal Integration of Medical Ultrasound for Treatment Planning and Interventions}},
  author = {Wein, Wolfgang},
  year   = {2007},
  school = {Technische Universitnchen}
}


========================================================================================

@book{mitchell1997machine,
  title     = {Machine Learning},
  author    = {Mitchell, Tom M.},
  year      = {1997},
  publisher = {McGraw-Hill},
  address   = {New York}
}

@book{goodfellow2016deep,
  title     = {Deep Learning},
  author    = {Goodfellow, Ian and Bengio, Yoshua and Courville, Aaron},
  year      = {2016},
  publisher = {MIT Press},
  address   = {Cambridge, MA}
}


@inproceedings{szegedy2015going,
  title     = {Going deeper with convolutions},
  author    = {Szegedy, Christian and Liu, Wei and Jia, Yangqing and Sermanet, Pierre and Reed, Scott and Anguelov, Dragomir and Erhan, Dumitru and Vanhoucke, Vincent and Rabinovich, Andrew},
  booktitle = {Proceedings of the IEEE conference on computer vision and pattern recognition},
  pages     = {1--9},
  year      = {2015}
}

@book{misra2006gps,
  title     = {Global Positioning System: Signals, Measurements and Performance},
  author    = {Misra, Pratap and Enge, Per},
  year      = {2006},
  publisher = {Ganga-Jamuna Press},
  address   = {Lincoln, MA}
}

@book{kaplan2017understanding,
  title     = {Understanding GPS/GNSS: Principles and Applications},
  author    = {Kaplan, Elliott D. and Hegarty, Christopher J.},
  edition   = {3rd},
  year      = {2017},
  publisher = {Artech House},
  address   = {Norwood, MA}
}

@book{grewal2013gnss,
  title     = {Global Navigation Satellite Systems, Inertial Navigation, and Integration},
  author    = {Grewal, Mohinder S. and Weill, Lawrence R. and Andrews, Angus P.},
  edition   = {2nd},
  year      = {2013},
  publisher = {John Wiley \& Sons},
  address   = {Hoboken, NJ}
}

@article{cadena2016past,
  title     = {Past, present, and future of simultaneous localization and mapping: Toward the robust-perception age},
  author    = {Cadena, Cesar and Carlone, Luca and Carrillo, Henry and Latif, Yasir and Scaramuzza, Davide and Neira, Jos{\'e} and Reid, Ian and Leonard, John J.},
  journal   = {IEEE Transactions on Robotics},
  volume    = {32},
  number    = {6},
  pages     = {1309--1332},
  year      = {2016},
  publisher = {IEEE}
}

@book{thrun2005probabilistic,
  title     = {Probabilistic Robotics},
  author    = {Thrun, Sebastian and Burgard, Wolfram and Fox, Dieter},
  year      = {2005},
  publisher = {MIT Press},
  address   = {Cambridge, MA}
}

@article{mur2015orb,
  title     = {ORB-SLAM: A versatile and accurate monocular SLAM system},
  author    = {Mur-Artal, Raul and Montiel, J. M. M. and Tard{\'o}s, Juan D.},
  journal   = {IEEE Transactions on Robotics},
  volume    = {31},
  number    = {5},
  pages     = {1147--1163},
  year      = {2015},
  publisher = {IEEE}
}

@article{kalman1960new,
  title     = {A new approach to linear filtering and prediction problems},
  author    = {Kalman, Rudolf E.},
  journal   = {Journal of Basic Engineering},
  volume    = {82},
  number    = {1},
  pages     = {35--45},
  year      = {1960},
  publisher = {ASME}
}

@book{bar2001estimation,
  title     = {Estimation with Applications to Tracking and Navigation: Theory Algorithms and Software},
  author    = {Bar-Shalom, Yaakov and Li, Xiao-Rong and Kirubarajan, Thiagalingam},
  year      = {2001},
  publisher = {John Wiley \& Sons},
  address   = {New York}
}

@misc{welch2006kalman,
  title        = {An Introduction to the Kalman Filter},
  author       = {Welch, Greg and Bishop, Gary},
  year         = {2006},
  howpublished = {\url{https://www.cs.unc.edu/~welch/kalman/}},
  note         = {Online tutorial, University of North Carolina at Chapel Hill}
}

@book{rajamani2011vehicle,
  title     = {Vehicle Dynamics and Control},
  author    = {Rajamani, Rajesh},
  edition   = {2nd},
  year      = {2011},
  publisher = {Springer},
  address   = {Boston, MA}
}

@article{kong2015kinematic,
  title     = {Kinematic and dynamic vehicle models for autonomous driving control design},
  author    = {Kong, J. and Pfeiffer, M. and Schildbach, G. and Borrelli, F.},
  journal   = {IEEE Intelligent Vehicles Symposium (IV)},
  pages     = {1094--1099},
  year      = {2015},
  publisher = {IEEE}
}

@article{paden2016survey,
  title     = {A survey of motion planning and control techniques for self-driving urban vehicles},
  author    = {Paden, Brian and C{\^a}mara, Michal {\v{C}}{\'a}p and Yong, Sze Zheng and Yershov, Dmitry and Frazzoli, Emilio},
  journal   = {IEEE Transactions on Intelligent Vehicles},
  volume    = {1},
  number    = {1},
  pages     = {33--55},
  year      = {2016},
  publisher = {IEEE}
}

@article{scharstein2002taxonomy,
  title     = {A taxonomy and evaluation of dense two-frame stereo correspondence algorithms},
  author    = {Scharstein, Daniel and Szeliski, Richard},
  journal   = {International Journal of Computer Vision},
  volume    = {47},
  number    = {1-3},
  pages     = {7--42},
  year      = {2002},
  publisher = {Springer}
}

@article{hirschmuller2008stereo,
  title     = {Stereo processing by semiglobal matching and mutual information},
  author    = {Hirschmuller, Heiko},
  journal   = {IEEE Transactions on Pattern Analysis and Machine Intelligence},
  volume    = {30},
  number    = {2},
  pages     = {328--341},
  year      = {2008},
  publisher = {IEEE}
}

@article{khoshelham2012accuracy,
  title     = {Accuracy and resolution of Kinect depth data for indoor mapping applications},
  author    = {Khoshelham, Kourosh and Elberink, Sander Oude},
  journal   = {Sensors},
  volume    = {12},
  number    = {2},
  pages     = {1437--1454},
  year      = {2012},
  publisher = {MDPI}
}

@inproceedings{ref_mas_marin,
  author    = {Zazuli, Moh. Ismarintan and Dikairono, Rudy and Purwanto, Djoko and Muhtadin and Hakim, Muhammad Lukman},
  booktitle = {2024 International Conference on Green Energy, Computing and Sustainable Technology (GECOST)},
  title     = {Sensor Fusion System for Localization of Autonomous Car},
  year      = {2024},
  volume    = {},
  number    = {},
  pages     = {1-5},
  keywords  = {Location awareness;Global navigation satellite system;Roads;Data integrity;Refining;Wheels;Sensor fusion;GNSS;Odometry;IMU;Sensor Fusion;Extended Kalman Filter},
  doi       = {10.1109/GECOST60902.2024.10474699}
}

@inproceedings{ref_gnss_multipath,
  title        = {GNSS Multipath Error Modeling for Automotive Applications},
  author       = {Khanafseh, Samer and Kujur, Birendra and Joerger, Mathieu and Walter, Todd and Pullen, Sam and Blanch, Juan and Doherty, Kevin and Norman, Laura and de Groot, Lance and Pervan, Boris},
  booktitle    = {Proceedings of the 31st International Technical Meeting of the Satellite Division of The Institute of Navigation (ION GNSS+ 2018)},
  year         = {2018},
  organization = {Institute of Navigation (ION)},
  address      = {Miami, Florida},
  pages        = {1573-1589}
}

@inproceedings{ref_odom_error,
  author    = {BROSSARD, Martin and BONNABEL, Silvère},
  booktitle = {2019 International Conference on Robotics and Automation (ICRA)},
  title     = {Learning Wheel Odometry and IMU Errors for Localization},
  year      = {2019},
  volume    = {},
  number    = {},
  pages     = {291-297},
  keywords  = {Wheels;Kernel;Mobile robots;Sensors;Gaussian processes;Training;Gaussian process;odometry estimation;variational inference;Kalman filter},
  doi       = {10.1109/ICRA.2019.8794237}
}

@inproceedings{ref_mas_pandu,
  author    = {Tantra, Pandu Surya and Dikairono, Rudy and Kusuma, Hendra and Muhtadin and Tasripan},
  booktitle = {2024 International Conference on Green Energy, Computing and Sustainable Technology (GECOST)},
  title     = {Automated LiDAR-Based Dataset Labelling Method for Road Image Segmentation in Autonomous Vehicles},
  year      = {2024},
  volume    = {},
  number    = {},
  pages     = {1-5},
  keywords  = {Point cloud compression;Image segmentation;Laser radar;Roads;Image edge detection;Surface fitting;Labeling;LiDAR;Image Segmentation;Dataset;Autonomous Vehicle},
  doi       = {10.1109/GECOST60902.2024.10474650}
}

@article{ref_icp,
  author   = {Zhang, Juyong and Yao, Yuxin and Deng, Bailin},
  journal  = {IEEE Transactions on Pattern Analysis and Machine Intelligence},
  title    = {Fast and Robust Iterative Closest Point},
  year     = {2022},
  volume   = {44},
  number   = {7},
  pages    = {3450-3466},
  keywords = {Convergence;Acceleration;Three-dimensional displays;Measurement;Optimization;Robustness;Iterative closest point algorithm;Rigid registration;robust estimator;fixed-point iterations;majorlazer minimization method;anderson acceleration},
  doi      = {10.1109/TPAMI.2021.3054619}
}

@article{ref_gtsam,
  title   = {Factor graphs and GTSAM: A hands-on introduction},
  author  = {Dellaert, Frank},
  journal = {Georgia Institute of Technology},
  year    = {2012},
  note    = {Available at \url{https://gtsam.org}}
}

@article{ref_gb_slam,
  author = {Woo, Ami and Fidan, Baris and Melek, W.W. and Buehrer, R.},
  year   = {2019},
  month  = {01},
  pages  = {1051-1087},
  title  = {Localization for Autonomous Driving},
  isbn   = {9781119434610},
  doi    = {10.1002/9781119434610.ch29}
}

@inproceedings{ref_fast_scnn,
  title         = {Fast-SCNN: Fast Semantic Segmentation Network},
  author        = {Arunava Chakraborty Poudel and Stephan Liwicki and Roberto Cipolla},
  year          = {2019},
  eprint        = {1902.04502},
  archiveprefix = {arXiv},
  primaryclass  = {cs.CV}
}

@inproceedings{ref_rtabmap,
  title     = {RTAB-Map as an open-source lidar and visual simultaneous localization and mapping library for large-scale and long-term online operation},
  author    = {Labbé, Mathieu and Michaud, François},
  booktitle = {Journal of Field Robotics},
  volume    = {36},
  number    = {2},
  pages     = {416--446},
  year      = {2019},
  publisher = {Wiley Online Library}
}

@inproceedings{ref_brisk,
  title     = {BRISK: {B}inary {R}obust {I}nvariant {S}calable {K}eypoints},
  author    = {Leutenegger, Stefan and Chli, Margarita and Siegwart, Roland Y.},
  booktitle = {2011 IEEE International Conference on Computer Vision (ICCV)},
  pages     = {2548--2555},
  year      = {2011},
  doi       = {10.1109/ICCV.2011.6126542},
  publisher = {IEEE}
}