@article{grochowalski2021towards,
  title={Towards application of machine learning algorithms for prediction temperature distribution within CFB boiler based on specified operating conditions},
  author={Grochowalski, Jaroslaw and Jachymek, Piotr and Andrzejczyk, Marek and Klajny, Marcin and Widuch, Agata and Morkisz, Pawel and Hernik, Bart{\l}omiej and Zdeb, Janusz and Adamczyk, Wojciech},
  journal={Energy},
  volume={237},
  pages={121538},
  year={2021},
  publisher={Elsevier}
}


@article{brower2014,
	title = "Impacts of large-scale Intermittent Renewable Energy Sources on electricity systems, and how these can be modeled",
	keywords = "Carbon capture and storage, Power system modeling, Renewable energy, Thermal power plants, Wind power",
	author = "Brouwer, {Anne Sjoerd} and {Van Den Broek}, Machteld and Ad Seebregts and Andr{\'e} Faaij",
	year = "2014",
	month = jan,
	day = "1",
	doi = "10.1016/j.rser.2014.01.076",
	language = "English",
	volume = "33",
	pages = "443--466",
	journal = "Renewable \& Sustainable Energy Reviews",
	issn = "1364-0321",
	publisher = "PERGAMON-ELSEVIER SCIENCE LTD",
}

@article{fan2020,
	title = {A dynamic mathematical model for once-through boiler-turbine units with superheated steam temperature},
	journal = {Applied Thermal Engineering},
	volume = {170},
	pages = {114912},
	year = {2020},
	issn = {1359-4311},
	doi = {https://doi.org/10.1016/j.applthermaleng.2020.114912},
	url = {https://www.sciencedirect.com/science/article/pii/S1359431119344084},
	author = {He Fan and Zhi-gang Su and Pei-hong Wang and Kwang Y. Lee},
	keywords = {Once-through boiler-turbine, Dynamic mathematical model, Superheated steam temperature, Coordinated control system, Controller design},
}

@article{madejski2019,
	title = {Modeling of transient operation of steam superheater in CFB boiler},
	journal = {Energy},
	volume = {182},
	pages = {965-974},
	year = {2019},
	issn = {0360-5442},
	doi = {https://doi.org/10.1016/j.energy.2019.06.093},
	url = {https://www.sciencedirect.com/science/article/pii/S0360544219312253},
	author = {Paweł Madejski and Dawid Taler and Jan Taler},
	keywords = {Steam boiler, Circulating fluidized bed boiler, Flexibility, Numerical modeling, Transient-state modeling},
}
@article{chen2019,
	title = {Coupled modeling of combustion and hydrodynamics for a coal-fired supercritical boiler},
	journal = {Fuel},
	volume = {240},
	pages = {49-56},
	year = {2019},
	issn = {0016-2361},
	doi = {https://doi.org/10.1016/j.fuel.2018.11.008},
	url =
	{https://www.sciencedirect.com/science/article/pii/S0016236118318969},
	author = {Tang Chen and Yan-jun Zhang and Meng-ran Liao and Wei-zong Wang},
	keywords = {CFD, Coupled simulation, Pendant superheater, Ultra-supercritical boiler},
}
@article{laubscher-rousseau2019,
	author = {Ryno Laubscher and Pieter Rousseau},
	doi = {10.1016/j.applthermaleng.2019.114057},
	issn = {13594311},
	journal = {Applied Thermal Engineering},
	keywords = {Computational fluid dynamics,Furnace performance,Pulverized coal boiler,Reduced load operation,Superheater heat transfer},
	month = {9},
	publisher = {Elsevier Ltd},
	title = {CFD study of pulverized coal-fired boiler evaporator and radiant superheaters at varying loads},
	volume = {160},
	year = {2019},
}
@article{modlinski2019,
	title = {Mathematical procedure for predicting tube metal temperature in the second stage reheater of the operating flexibly steam boiler},
	journal = {Applied Thermal Engineering},
	volume = {146},
	pages = {854-865},
	year = {2019},
	issn = {1359-4311},
	doi = {https://doi.org/10.1016/j.applthermaleng.2018.10.063},
	url =
	{https://www.sciencedirect.com/science/article/pii/S1359431118335348},
	author = {Norbert Modliński and Krzysztof Szczepanek and Daniel Nabagło and Paweł Madejski and Zbigniew Modliński},
	keywords = {Boilers, CFD, Flexible operation, Heat exchanger},
}
@article{laubscher2019,
	title = {Time-series forecasting of coal-fired power plant reheater metal temperatures using encoder-decoder recurrent neural networks},
	journal = {Energy},
	volume = {189},
	pages = {116187},
	year = {2019},
	issn = {0360-5442},
	doi = {https://doi.org/10.1016/j.energy.2019.116187},
	url = {https://www.sciencedirect.com/science/article/pii/S0360544219318821},
	author = {Ryno Laubscher},
	keywords = {Time-series forecasting, Encoder-decoder RNN network, Reheater metal temperatures, Coal-fired boiler},
}
@article{smrekar2009,	
	author = {J. Smrekar and M. Assadi and M. Fast and I. Kuštrin and S. De},
	doi = {10.1016/j.energy.2008.10.010},
	issn = {03605442},
	issue = {2},
	journal = {Energy},
	keywords = {ANN modeling,Coal-fired boiler,Real plant data,Steam properties prediction},
	pages = {144-152},
	publisher = {Elsevier Ltd},
	title = {Development of artificial neural network model for a coal-fired boiler using real plant data},
	volume = {34},
	year = {2009},
}
@article{lv2015,
	author = {You Lv and Tingting Yang and Jizhen Liu},
	doi = {10.1016/j.chemolab.2015.04.006},
	issn = {18733239},
	journal = {Chemometrics and Intelligent Laboratory Systems},
	keywords = {Coal-fired boiler,Data-driven model,Least squares support vector machine,Model update,NOx emissions},
	month = {7},
	pages = {103-113},
	publisher = {Elsevier},
	title = {An adaptive least squares support vector machine model with a novel update for NOx emission prediction},
	volume = {145},
	year = {2015},
}
@article{liu2020,
	author = {Xiangjie Liu and Hao Zhang and Yuguang Niu and Deliang Zeng and Jizhen Liu and Xiaobing Kong and Kwang Y. Lee},
	doi = {10.1016/j.ins.2020.03.019},
	issn = {00200255},
	journal = {Information Sciences},
	keywords = {Convergence,Deep neural network,Denoising,Long short-term memory network,Stacked auto-encoder,Ultra-supercritical unit},
	month = {7},
	pages = {134-152},
	publisher = {Elsevier Inc.},
	title = {Modeling of an ultra-supercritical boiler-turbine system with stacked denoising auto-encoder and long short-term memory network},
	volume = {525},
	year = {2020},
}
@inproceedings{lu2019auto,
  title={Auto-encoder based fault early warning model for primary fan of power plant},
  author={Lu, Kuan and Gao, Song and Sun, Wenxue and Jiang, Zhe and Meng, Xiangrong and Zhai, Yong and Han, Yingkun and Sun, Mengmeng},
  booktitle={IOP Conference Series: Earth and Environmental Science},
  volume={358},
  number={4},
  pages={042060},
  year={2019},
  organization={IOP Publishing}
}
@inproceedings{hu2018artificial,
  title={An Artificial Neural Network Model for Monitoring Real-Time Parameters and Detecting Early Warnings in Induced Draft Fan},
  author={Hu, Di and Chen, Gang and Yang, Tao and Zhang, Cheng and Wang, Ziwen and Chen, Qianming and Li, Bing},
  booktitle={International Manufacturing Science and Engineering Conference},
  volume={51371},
  pages={V003T02A010},
  year={2018},
  organization={American Society of Mechanical Engineers}
}
@book{kelleher2020fundamentals,
  title={Fundamentals of machine learning for predictive data analytics: algorithms, worked examples, and case studies},
  author={Kelleher, John D and Mac Namee, Brian and D'arcy, Aoife},
  year={2020},
  publisher={MIT press}
}
@article{santosornn,
  title={RNN-Autoencoder Approach for Anomaly Detection in Power Plant Predictive Maintenance Systems},
  author={Santoso, Budi and Anggraeni, Wiwik and Pariaman, Henry and Purnomo, Mauridhi Hery}
}

@article{bangalore2015artificial,
  title={An artificial neural network approach for early fault detection of gearbox bearings},
  author={Bangalore, Pramod and Tjernberg, Lina Bertling},
  journal={IEEE Transactions on Smart Grid},
  volume={6},
  number={2},
  pages={980--987},
  year={2015},
  publisher={IEEE}
}
@article{hu2020anomaly,
  title={Anomaly detection of power plant equipment using long short-term memory based autoencoder neural network},
  author={Hu, Di and Zhang, Chen and Yang, Tao and Chen, Gang},
  journal={Sensors},
  volume={20},
  number={21},
  pages={6164},
  year={2020},
  publisher={MDPI}
}

@inproceedings{afandi2022power,
  title={Power Plant Boiler Reheater Metal Temperature Forecasting Using Autoencoder},
  author={Afandi, Nur and Anggraeni, Wiwik and Purnomo, Mauridhi Hery},
  booktitle={2022 International Seminar on Intelligent Technology and Its Applications (ISITIA)},
  pages={326--331},
  year={2022},
  organization={IEEE}
}

@article{qi2018deep,
  title={Deep air learning: Interpolation, prediction, and feature analysis of fine-grained air quality},
  author={Qi, Zhongang and Wang, Tianchun and Song, Guojie and Hu, Weisong and Li, Xi and Zhang, Zhongfei},
  journal={IEEE Transactions on Knowledge and Data Engineering},
  volume={30},
  number={12},
  pages={2285--2297},
  year={2018},
  publisher={IEEE}
}

@article{xia2016distributed,
  title={A distributed spatial--temporal weighted model on MapReduce for short-term traffic flow forecasting},
  author={Xia, Dawen and Wang, Binfeng and Li, Huaqing and Li, Yantao and Zhang, Zili},
  journal={Neurocomputing},
  volume={179},
  pages={246--263},
  year={2016},
  publisher={Elsevier}
}

@article{bao2014multi,
  title={Multi-step-ahead time series prediction using multiple-output support vector regression},
  author={Bao, Yukun and Xiong, Tao and Hu, Zhongyi},
  journal={Neurocomputing},
  volume={129},
  pages={482--493},
  year={2014},
  publisher={Elsevier}
}







@article{garcia2006simap,
  title={SIMAP: Intelligent System for Predictive Maintenance: Application to the health condition monitoring of a windturbine gearbox},
  author={Garcia, Mari Cruz and Sanz-Bobi, Miguel A and Del Pico, Javier},
  journal={Computers in industry},
  volume={57},
  number={6},
  pages={552--568},
  year={2006},
  publisher={Elsevier}
}
@article{hinton2015distilling,
  title={Distilling the knowledge in a neural network},
  author={Hinton, Geoffrey and Vinyals, Oriol and Dean, Jeff and others},
  journal={arXiv preprint arXiv:1503.02531},
  volume={2},
  number={7},
  year={2015}
}

@article{krishnan1999extracting,
  title={Extracting decision trees from trained neural networks},
  author={Krishnan, R and Sivakumar, G and Bhattacharya, P},
  journal={Pattern recognition},
  volume={32},
  number={12},
  year={1999},
  publisher={Elsevier}
}
@inproceedings{boz2002extracting,
  title={Extracting decision trees from trained neural networks},
  author={Boz, Olcay},
  booktitle={Proceedings of the eighth ACM SIGKDD international conference on Knowledge discovery and data mining},
  pages={456--461},
  year={2002}
}

@article{renard2019concept,
  title={Concept tree: High-level representation of variables for more interpretable surrogate decision trees},
  author={Renard, Xavier and Woloszko, Nicolas and Aigrain, Jonathan and Detyniecki, Marcin},
  journal={arXiv preprint arXiv:1906.01297},
  year={2019}
}
@article{breiman2001random,
  title={Random forests},
  author={Breiman, Leo},
  journal={Machine learning},
  volume={45},
  number={1},
  pages={5--32},
  year={2001},
  publisher={Springer}
}

@article{erhan2009visualizing,
  title={Visualizing higher-layer features of a deep network},
  author={Erhan, Dumitru and Bengio, Yoshua and Courville, Aaron and Vincent, Pascal},
  journal={University of Montreal},
  volume={1341},
  number={3},
  pages={1},
  year={2009}
}

@article{guidotti2018local,
  title={Local rule-based explanations of black box decision systems},
  author={Guidotti, Riccardo and Monreale, Anna and Ruggieri, Salvatore and Pedreschi, Dino and Turini, Franco and Giannotti, Fosca},
  journal={arXiv preprint arXiv:1805.10820},
  year={2018}
}

@article{smilkov2017smoothgrad,
  title={Smoothgrad: removing noise by adding noise},
  author={Smilkov, Daniel and Thorat, Nikhil and Kim, Been and Vi{\'e}gas, Fernanda and Wattenberg, Martin},
  journal={arXiv preprint arXiv:1706.03825},
  year={2017}
}

@inproceedings{zeiler2014visualizing,
  title={Visualizing and understanding convolutional networks},
  author={Zeiler, Matthew D and Fergus, Rob},
  booktitle={European conference on computer vision},
  pages={818--833},
  year={2014},
  organization={Springer}
}
@inproceedings{selvaraju2017grad,
  title={Grad-cam: Visual explanations from deep networks via gradient-based localization},
  author={Selvaraju, Ramprasaath R and Cogswell, Michael and Das, Abhishek and Vedantam, Ramakrishna and Parikh, Devi and Batra, Dhruv},
  booktitle={Proceedings of the IEEE international conference on computer vision},
  pages={618--626},
  year={2017}
}
@article{scikit-learn,
 title={Scikit-learn: Machine Learning in {P}ython},
 author={Pedregosa, F. and Varoquaux, G. and Gramfort, A. and Michel, V.
         and Thirion, B. and Grisel, O. and Blondel, M. and Prettenhofer, P.
         and Weiss, R. and Dubourg, V. and Vanderplas, J. and Passos, A. and
         Cournapeau, D. and Brucher, M. and Perrot, M. and Duchesnay, E.},
 journal={Journal of Machine Learning Research},
 volume={12},
 pages={2825--2830},
 year={2011}
}

@article{jiarpakdee2020empirical,
  title={An empirical study of model-agnostic techniques for defect prediction models},
  author={Jiarpakdee, Jirayus and Tantithamthavorn, Chakkrit and Dam, Hoa Khanh and Grundy, John},
  journal={IEEE Transactions on Software Engineering},
  year={2020},
  publisher={IEEE}
}

@article{bodria2021benchmarking,
  title={Benchmarking and survey of explanation methods for black box models},
  author={Bodria, Francesco and Giannotti, Fosca and Guidotti, Riccardo and Naretto, Francesca and Pedreschi, Dino and Rinzivillo, Salvatore},
  journal={arXiv preprint arXiv:2102.13076},
  year={2021}
}
@article{jiarpakdee2019impact,
  title={The impact of correlated metrics on the interpretation of defect models},
  author={Jiarpakdee, Jirayus and Tantithamthavorn, Chakkrit and Hassan, Ahmed E},
  journal={IEEE Transactions on Software Engineering},
  volume={47},
  number={2},
  pages={320--331},
  year={2019},
  publisher={IEEE}
}
@article{alvarez2018towards,
  title={Towards robust interpretability with self-explaining neural networks},
  author={Alvarez Melis, David and Jaakkola, Tommi},
  journal={Advances in neural information processing systems},
  volume={31},
  year={2018}
}
@inproceedings{ribeiro2016should,
  title={" Why should i trust you?" Explaining the predictions of any classifier},
  author={Ribeiro, Marco Tulio and Singh, Sameer and Guestrin, Carlos},
  booktitle={Proceedings of the 22nd ACM SIGKDD international conference on knowledge discovery and data mining},
  pages={1135--1144},
  year={2016}
}
@article{lundberg2017unified,
  title={A unified approach to interpreting model predictions},
  author={Lundberg, Scott M and Lee, Su-In},
  journal={Advances in neural information processing systems},
  volume={30},
  year={2017}
}
@book{goodfellow2016deep,
  title={Deep learning},
  author={Goodfellow, Ian and Bengio, Yoshua and Courville, Aaron},
  year={2016},
  publisher={MIT press}
}
@book{chatterjee2006regression,
  title={Regression analysis by example},
  author={Chatterjee, Samprit and Hadi, Ali S},
  year={2006},
  publisher={John Wiley \& Sons}
}
@article{dormann2013collinearity,
  title={Collinearity: a review of methods to deal with it and a simulation study evaluating their performance},
  author={Dormann, Carsten F and Elith, Jane and Bacher, Sven and Buchmann, Carsten and Carl, Gudrun and Carr{\'e}, Gabriel and Marqu{\'e}z, Jaime R Garc{\'\i}a and Gruber, Bernd and Lafourcade, Bruno and Leit{\~a}o, Pedro J and others},
  journal={Ecography},
  volume={36},
  number={1},
  pages={27--46},
  year={2013},
  publisher={Wiley Online Library}
}
@article{tamura2019mixed,
  title={Mixed integer quadratic optimization formulations for eliminating multicollinearity based on variance inflation factor},
  author={Tamura, Ryuta and Kobayashi, Ken and Takano, Yuichi and Miyashiro, Ryuhei and Nakata, Kazuhide and Matsui, Tomomi},
  journal={Journal of Global Optimization},
  volume={73},
  number={2},
  pages={431--446},
  year={2019},
  publisher={Springer}
}


@book{varmuza2016introduction,
  title={Introduction to multivariate statistical analysis in chemometrics},
  author={Varmuza, Kurt and Filzmoser, Peter},
  year={2016},
  publisher={CRC press}
}

@incollection{NIPS2017_7062,
title = {A Unified Approach to Interpreting Model Predictions},
author = {Lundberg, Scott M and Lee, Su-In},
booktitle = {Advances in Neural Information Processing Systems 30},
editor = {I. Guyon and U. V. Luxburg and S. Bengio and H. Wallach and R. Fergus and S. Vishwanathan and R. Garnett},
pages = {4765--4774},
year = {2017},
publisher = {Curran Associates, Inc.},
url = {http://papers.nips.cc/paper/7062-a-unified-approach-to-interpreting-model-predictions.pdf}
}
